@book{sutton2018reinforcement,
  title={Reinforcement learning: An introduction},
  author={Sutton, Richard S and Barto, Andrew G},
  year={2018},
  publisher={MIT press}
}

@article{lecun2015deep,
  title={Deep learning},
  author={LeCun, Yann and Bengio, Yoshua and Hinton, Geoffrey},
  journal={nature},
  volume={521},
  number={7553},
  pages={436--444},
  year={2015},
  publisher={Nature Publishing Group}
}


@article{mnih2015human,
  title={Human-level control through deep reinforcement learning},
  author={Mnih, Volodymyr and Kavukcuoglu, Koray and Silver, David and Rusu, Andrei A and Veness, Joel and Bellemare, Marc G and Graves, Alex and Riedmiller, Martin and Fidjeland, Andreas K and Ostrovski, Georg and others},
  journal={nature},
  volume={518},
  number={7540},
  pages={529--533},
  year={2015},
  publisher={Nature Publishing Group}
}

@article{silver2016mastering,
  title={Mastering the game of Go with deep neural networks and tree search},
  author={Silver, David and Huang, Aja and Maddison, Chris J and Guez, Arthur and Sifre, Laurent and Van Den Driessche, George and Schrittwieser, Julian and Antonoglou, Ioannis and Panneershelvam, Veda and Lanctot, Marc and others},
  journal={nature},
  volume={529},
  number={7587},
  pages={484--489},
  year={2016},
  publisher={Nature Publishing Group}
}

@article{wang2019large,
  title={Large scale continuous-time mean-variance portfolio allocation via reinforcement learning},
  author={Wang, Haoran},
  journal={Available at SSRN 3428125},
  year={2019}
}

@inproceedings{maestre2018reinforcement,
  title={Reinforcement learning for fair dynamic pricing},
  author={Maestre, Roberto and Duque, Juan and Rubio, Alberto and Ar{\'e}valo, Juan},
  booktitle={Proceedings of SAI Intelligent Systems Conference},
  pages={120--135},
  year={2018},
  organization={Springer}
}

@article{kormushev2013reinforcement,
  title={Reinforcement learning in robotics: Applications and real-world challenges},
  author={Kormushev, Petar and Calinon, Sylvain and Caldwell, Darwin G},
  journal={Robotics},
  volume={2},
  number={3},
  pages={122--148},
  year={2013},
  publisher={Multidisciplinary Digital Publishing Institute}
}

@article{ibarz2021train,
  title={How to train your robot with deep reinforcement learning: lessons we have learned},
  author={Ibarz, Julian and Tan, Jie and Finn, Chelsea and Kalakrishnan, Mrinal and Pastor, Peter and Levine, Sergey},
  journal={The International Journal of Robotics Research},
  volume={40},
  number={4-5},
  pages={698--721},
  year={2021},
  publisher={SAGE Publications Sage UK: London, England}
}

@article{prashanth2010reinforcement,
  title={Reinforcement learning with function approximation for traffic signal control},
  author={Prashanth, LA and Bhatnagar, Shalabh},
  journal={IEEE Transactions on Intelligent Transportation Systems},
  volume={12},
  number={2},
  pages={412--421},
  year={2010},
  publisher={IEEE}
}

@article{mohammadi2017semisupervised,
  title={Semisupervised deep reinforcement learning in support of IoT and smart city services},
  author={Mohammadi, Mehdi and Al-Fuqaha, Ala and Guizani, Mohsen and Oh, Jun-Seok},
  journal={IEEE Internet of Things Journal},
  volume={5},
  number={2},
  pages={624--635},
  year={2017},
  publisher={IEEE}
}

@article{chi2011empirically,
  title={Empirically evaluating the application of reinforcement learning to the induction of effective and adaptive pedagogical strategies},
  author={Chi, Min and VanLehn, Kurt and Litman, Diane and Jordan, Pamela},
  journal={User Modeling and User-Adapted Interaction},
  volume={21},
  number={1},
  pages={137--180},
  year={2011},
  publisher={Springer}
}

@inproceedings{yauney2018reinforcement,
  title={Reinforcement learning with action-derived rewards for chemotherapy and clinical trial dosing regimen selection},
  author={Yauney, Gregory and Shah, Pratik},
  booktitle={Machine Learning for Healthcare Conference},
  pages={161--226},
  year={2018},
  organization={PMLR}
}

@inproceedings{ye2021survey,
  title={A survey of deep reinforcement learning algorithms for motion planning and control of autonomous vehicles},
  author={Ye, Fei and Zhang, Shen and Wang, Pin and Chan, Ching-Yao},
  booktitle={2021 IEEE Intelligent Vehicles Symposium (IV)},
  pages={1073--1080},
  year={2021},
  organization={IEEE}
}

@article{kiran2021deep,
  title={Deep reinforcement learning for autonomous driving: A survey},
  author={Kiran, B Ravi and Sobh, Ibrahim and Talpaert, Victor and Mannion, Patrick and Al Sallab, Ahmad A and Yogamani, Senthil and P{\'e}rez, Patrick},
  journal={IEEE Transactions on Intelligent Transportation Systems},
  year={2021},
  publisher={IEEE}
}

@inproceedings{ye2021survey,
  title={A survey of deep reinforcement learning algorithms for motion planning and control of autonomous vehicles},
  author={Ye, Fei and Zhang, Shen and Wang, Pin and Chan, Ching-Yao},
  booktitle={2021 IEEE Intelligent Vehicles Symposium (IV)},
  pages={1073--1080},
  year={2021},
  organization={IEEE}
}

@article{bojarski2016end,
  title={End to end learning for self-driving cars},
  author={Bojarski, Mariusz and Del Testa, Davide and Dworakowski, Daniel and Firner, Bernhard and Flepp, Beat and Goyal, Prasoon and Jackel, Lawrence D and Monfort, Mathew and Muller, Urs and Zhang, Jiakai and others},
  journal={arXiv preprint arXiv:1604.07316},
  year={2016}
}

@article{watkins1989learning,
  title={Learning from delayed rewards},
  author={Watkins, Christopher John Cornish Hellaby},
  year={1989},
  publisher={King's College, Cambridge United Kingdom}
}

@book{rummery1994line,
  title={On-line Q-learning using connectionist systems},
  author={Rummery, Gavin A and Niranjan, Mahesan},
  volume={37},
  year={1994},
  publisher={Citeseer}
}

@article{schulman2017proximal,
  title={Proximal policy optimization algorithms},
  author={Schulman, John and Wolski, Filip and Dhariwal, Prafulla and Radford, Alec and Klimov, Oleg},
  journal={arXiv preprint arXiv:1707.06347},
  year={2017}
}

@article{lillicrap2015continuous,
  title={Continuous control with deep reinforcement learning},
  author={Lillicrap, Timothy P and Hunt, Jonathan J and Pritzel, Alexander and Heess, Nicolas and Erez, Tom and Tassa, Yuval and Silver, David and Wierstra, Daan},
  journal={arXiv preprint arXiv:1509.02971},
  year={2015}
}


@misc{baselines,
  author = {Dhariwal, Prafulla and Hesse, Christopher and Klimov, Oleg and Nichol, Alex and Plappert, Matthias and Radford, Alec and Schulman, John and Sidor, Szymon and Wu, Yuhuai and Zhokhov, Peter},
  title = {OpenAI Baselines},
  year = {2017},
  publisher = {GitHub},
  journal = {GitHub repository},
  howpublished = {\url{https://github.com/openai/baselines}},
}

@misc{plappert2016kerasrl,
    author = {Matthias Plappert},
    title = {keras-rl},
    year = {2016},
    publisher = {GitHub},
    journal = {GitHub repository},
    howpublished = {\url{https://github.com/keras-rl/keras-rl}},
}

@article{gauci2018horizon,
  title={Horizon: Facebook's Open Source Applied Reinforcement Learning Platform},
  author={Gauci, Jason and Conti, Edoardo and Liang, Yitao and Virochsiri, Kittipat and Chen, Zhengxing and He, Yuchen and Kaden, Zachary and Narayanan, Vivek and Ye, Xiaohui},
  journal={arXiv preprint arXiv:1811.00260},
  year={2018}
}

@article{hoffman2020acme,
    title={Acme: A Research Framework for Distributed Reinforcement Learning},
    author={Matt Hoffman and Bobak Shahriari and John Aslanides and Gabriel
        Barth-Maron and Feryal Behbahani and Tamara Norman and Abbas Abdolmaleki
        and Albin Cassirer and Fan Yang and Kate Baumli and Sarah Henderson and
        Alex Novikov and Sergio GÃ³mez Colmenarejo and Serkan Cabi and Caglar
        Gulcehre and Tom Le Paine and Andrew Cowie and Ziyu Wang and Bilal Piot
        and Nando de Freitas},
    year={2020},
    journal={arXiv preprint arXiv:2006.00979},
    url={https://arxiv.org/abs/2006.00979},
}

@article{liang2017ray,
  title={Ray rllib: A composable and scalable reinforcement learning library},
  author={Liang, Eric and Liaw, Richard and Nishihara, Robert and Moritz, Philipp and Fox, Roy and Gonzalez, Joseph and Goldberg, Ken and Stoica, Ion},
  journal={arXiv preprint arXiv:1712.09381},
  volume={85},
  year={2017}
}

@inproceedings{todorov2012mujoco,
  title={Mujoco: A physics engine for model-based control},
  author={Todorov, Emanuel and Erez, Tom and Tassa, Yuval},
  booktitle={2012 IEEE/RSJ international conference on intelligent robots and systems},
  pages={5026--5033},
  year={2012},
  organization={IEEE}
}

@inproceedings{Koenig-2004-394,
  author = "Nathan Koenig and Andrew Howard",
  title = "Design and Use Paradigms for Gazebo, An Open-Source Multi-Robot Simulator",
  booktitle = "IEEE/RSJ International Conference on Intelligent Robots and Systems",
  pages = "2149-2154",
  address = "Sendai, Japan",
  month = "Sep",
  year = "2004",
}

@misc{1606.01540,
  Author = {Greg Brockman and Vicki Cheung and Ludwig Pettersson and Jonas Schneider and John Schulman and Jie Tang and Wojciech Zaremba},
  Title = {OpenAI Gym},
  Year = {2016},
  Eprint = {arXiv:1606.01540},
}

@inproceedings{Dosovitskiy17,
  title = { {CARLA}: {An} Open Urban Driving Simulator},
  author = {Alexey Dosovitskiy and German Ros and Felipe Codevilla and Antonio Lopez and Vladlen Koltun},
  booktitle = {Proceedings of the 1st Annual Conference on Robot Learning},
  pages = {1--16},
  year = {2017}
}

@misc{https://doi.org/10.48550/arxiv.1809.02627,
  doi = {10.48550/ARXIV.1809.02627},
  url = {https://arxiv.org/abs/1809.02627},
  author = {Juliani, Arthur and Berges, Vincent-Pierre and Teng, Ervin and Cohen, Andrew and Harper, Jonathan and Elion, Chris and Goy, Chris and Gao, Yuan and Henry, Hunter and Mattar, Marwan and Lange, Danny},
  keywords = {Machine Learning (cs.LG), Artificial Intelligence (cs.AI), Neural and Evolutionary Computing (cs.NE), Machine Learning (stat.ML), FOS: Computer and information sciences, FOS: Computer and information sciences},
  title = {Unity: A General Platform for Intelligent Agents},
  publisher = {arXiv},
  year = {2018},
  copyright = {arXiv.org perpetual, non-exclusive license}
}

@inproceedings{badia2020agent57,
  title={Agent57: Outperforming the atari human benchmark},
  author={Badia, Adri{\`a} Puigdom{\`e}nech and Piot, Bilal and Kapturowski, Steven and Sprechmann, Pablo and Vitvitskyi, Alex and Guo, Zhaohan Daniel and Blundell, Charles},
  booktitle={International Conference on Machine Learning},
  pages={507--517},
  year={2020},
  organization={PMLR}
}

@article{haydari2020deep,
  title={Deep reinforcement learning for intelligent transportation systems: A survey},
  author={Haydari, Ammar and Yilmaz, Yasin},
  journal={IEEE Transactions on Intelligent Transportation Systems},
  year={2020},
  publisher={IEEE}
}

@article{nassar2021deep,
  title={Deep reinforcement learning for adaptive network slicing in 5G for intelligent vehicular systems and smart cities},
  author={Nassar, Almuthanna and Yilmaz, Yasin},
  journal={IEEE Internet of Things Journal},
  volume={9},
  number={1},
  pages={222--235},
  year={2021},
  publisher={IEEE}
}

@inproceedings{bassen2020reinforcement,
  title={Reinforcement learning for the adaptive scheduling of educational activities},
  author={Bassen, Jonathan and Balaji, Bharathan and Schaarschmidt, Michael and Thille, Candace and Painter, Jay and Zimmaro, Dawn and Games, Alex and Fast, Ethan and Mitchell, John C},
  booktitle={Proceedings of the 2020 CHI Conference on Human Factors in Computing Systems},
  pages={1--12},
  year={2020}
}

@misc{ASH:2013:turtlebot,
    author = {TurtleBot},
   url = {\URL{https://www.turtlebot.com/}},
   note = "[Web; Accessed 2022-06-21]"
 }


@article{khan2020systematic,
  title={A systematic review on reinforcement learning-based robotics within the last decade},
  author={Khan, Md Al-Masrur and Khan, Md Rashed Jaowad and Tooshil, Abul and Sikder, Niloy and Mahmud, MA Parvez and Kouzani, Abbas Z and Nahid, Abdullah-Al},
  journal={IEEE Access},
  volume={8},
  pages={176598--176623},
  year={2020},
  publisher={IEEE}
}

@article{hofer2021sim2real,
  title={Sim2Real in robotics and automation: Applications and challenges},
  author={H{\"o}fer, Sebastian and Bekris, Kostas and Handa, Ankur and Gamboa, Juan Camilo and Mozifian, Melissa and Golemo, Florian and Atkeson, Chris and Fox, Dieter and Goldberg, Ken and Leonard, John and others},
  journal={IEEE transactions on automation science and engineering},
  volume={18},
  number={2},
  pages={398--400},
  year={2021},
  publisher={IEEE}
}

@inproceedings{finn2017deep,
  title={Deep visual foresight for planning robot motion},
  author={Finn, Chelsea and Levine, Sergey},
  booktitle={2017 IEEE International Conference on Robotics and Automation (ICRA)},
  pages={2786--2793},
  year={2017},
  organization={IEEE}
}

@inproceedings{byravan2018se3,
  title={Se3-pose-nets: Structured deep dynamics models for visuomotor control},
  author={Byravan, Arunkumar and Leeb, Felix and Meier, Franziska and Fox, Dieter},
  booktitle={2018 IEEE International Conference on Robotics and Automation (ICRA)},
  pages={3339--3346},
  year={2018},
  organization={IEEE}
}

@inproceedings{yen2020experience,
  title={Experience-embedded visual foresight},
  author={Yen-Chen, Lin and Bauza, Maria and Isola, Phillip},
  booktitle={Conference on Robot Learning},
  pages={1015--1024},
  year={2020},
  organization={PMLR}
}

@inproceedings{xie2018few,
  title={Few-shot goal inference for visuomotor learning and planning},
  author={Xie, Annie and Singh, Avi and Levine, Sergey and Finn, Chelsea},
  booktitle={Conference on Robot Learning},
  pages={40--52},
  year={2018},
  organization={PMLR}
}

@article{ebert2018visual,
  title={Visual foresight: Model-based deep reinforcement learning for vision-based robotic control},
  author={Ebert, Frederik and Finn, Chelsea and Dasari, Sudeep and Xie, Annie and Lee, Alex and Levine, Sergey},
  journal={arXiv preprint arXiv:1812.00568},
  year={2018}
}

@article{lee2020learning,
  title={Learning quadrupedal locomotion over challenging terrain},
  author={Lee, Joonho and Hwangbo, Jemin and Wellhausen, Lorenz and Koltun, Vladlen and Hutter, Marco},
  journal={Science robotics},
  volume={5},
  number={47},
  pages={eabc5986},
  year={2020},
  publisher={American Association for the Advancement of Science}
}

@inproceedings{yang2020data,
  title={Data efficient reinforcement learning for legged robots},
  author={Yang, Yuxiang and Caluwaerts, Ken and Iscen, Atil and Zhang, Tingnan and Tan, Jie and Sindhwani, Vikas},
  booktitle={Conference on Robot Learning},
  pages={1--10},
  year={2020},
  organization={PMLR}
}

@article{chiang2019learning,
  title={Learning navigation behaviors end-to-end with autorl},
  author={Chiang, Hao-Tien Lewis and Faust, Aleksandra and Fiser, Marek and Francis, Anthony},
  journal={IEEE Robotics and Automation Letters},
  volume={4},
  number={2},
  pages={2007--2014},
  year={2019},
  publisher={IEEE}
}

@article{wang2020mobile,
  title={Mobile robot path planning in dynamic environments through globally guided reinforcement learning},
  author={Wang, Binyu and Liu, Zhe and Li, Qingbiao and Prorok, Amanda},
  journal={IEEE Robotics and Automation Letters},
  volume={5},
  number={4},
  pages={6932--6939},
  year={2020},
  publisher={IEEE}
}

@article{xiao2019reinforcement,
  title={Reinforcement learning for robotic time-optimal path tracking using prior knowledge},
  author={Xiao, Jiadong and Li, Lin and Zou, Yanbiao and Zhang, Tie},
  journal={arXiv preprint arXiv:1907.00388},
  year={2019}
}

@inproceedings{kendall2019learning,
  title={Learning to drive in a day},
  author={Kendall, Alex and Hawke, Jeffrey and Janz, David and Mazur, Przemyslaw and Reda, Daniele and Allen, John-Mark and Lam, Vinh-Dieu and Bewley, Alex and Shah, Amar},
  booktitle={2019 International Conference on Robotics and Automation (ICRA)},
  pages={8248--8254},
  year={2019},
  organization={IEEE}
}